@article{knuth:1984,
  title={Literate Programming},
  author={Donald E. Knuth},
  journal={The Computer Journal},
  volume={27},
  number={2},
  pages={97--111},
  year={1984},
  publisher={Oxford University Press}
}

@online{Liu:2021,
  author={Bo Liu},
  title={Parallel Fast Fourier Transform},
  year={N/A},
  url={https://cs.wmich.edu/gupta/teaching/cs5260/5260Sp15web/studentProjects/tiba&hussein/03278999.pdf},
  urldate = {2021-10-13}
}